<?xml version="1.0" encoding="UTF-8"?><record xmlns="http://www.loc.gov/MARC21/slim" xmlns:cinclude="http://apache.org/cocoon/include/1.0" xmlns:zs="http://www.loc.gov/zing/srw/">
  <leader>01603cz  a2200217n  4500</leader>
  <controlfield tag="001">no 00096413 </controlfield>
  <controlfield tag="003">DLC</controlfield>
  <controlfield tag="005">20010321170311.0</controlfield>
  <controlfield tag="008">001128n| acannaabn          |a anc     c</controlfield>
  <datafield tag="010" ind1=" " ind2=" ">
    <subfield code="a">no 00096413 </subfield>
    <subfield code="z">no 00090620 </subfield>
  </datafield>
  <datafield tag="035" ind1=" " ind2=" ">
    <subfield code="a">(OCoLC)oca05364172</subfield>
  </datafield>
  <datafield tag="040" ind1=" " ind2=" ">
    <subfield code="a">ICRL</subfield>
    <subfield code="b">eng</subfield>
    <subfield code="c">ICRL</subfield>
    <subfield code="d">DLC</subfield>
  </datafield>
  <datafield tag="110" ind1="2" ind2=" ">
    <subfield code="a">Biologicheskai︠a︡ stant︠s︡ii︠a︡ "Rybachiĭ"</subfield>
  </datafield>
  <datafield tag="410" ind1="2" ind2=" ">
    <subfield code="a">Biological Station "Rybachy"</subfield>
  </datafield>
  <datafield tag="410" ind1="2" ind2=" ">
    <subfield code="a">Zoologicheskiĭ institut (Rossiĭskai︠a︡ akademii︠a︡ nauk).</subfield>
    <subfield code="b">Biologicheskai︠a︡ stant︠s︡ii︠a︡ "Rybachiĭ"</subfield>
  </datafield>
  <datafield tag="410" ind1="2" ind2=" ">
    <subfield code="a">Zoologicheskiĭ institut (Rossiĭskai︠a︡ akademii︠a︡ nauk).</subfield>
    <subfield code="b">Biological Station "Rybachy"</subfield>
  </datafield>
  <datafield tag="410" ind1="2" ind2=" ">
    <subfield code="a">Biologicheskai︠a︡  stant︠s︡ii︠a︡ Zoologicheskogo instituta Akademii nauk SSSR v Rybachʹem</subfield>
  </datafield>
  <datafield tag="410" ind1="2" ind2=" ">
    <subfield code="a">Zoologicheskiĭ institut (Akademii︠a︡ nauk SSSR).</subfield>
    <subfield code="b">Biologicheskai︠a︡ stant︠s︡ii︠a︡ "Rybachiĭ"</subfield>
  </datafield>
  <datafield tag="410" ind1="2" ind2=" ">
    <subfield code="a">Zoologicheskiĭ institut (Akademii︠a︡ nauk SSSR).</subfield>
    <subfield code="b">Biological Station "Rybachy"</subfield>
  </datafield>
  <datafield tag="670" ind1=" " ind2=" ">
    <subfield code="a">Avian ecology and behaviour, vol. 1 (1998):</subfield>
    <subfield code="b">t.p. (Biological Station "Rybachy") p. 112 (Biological Station "Rybachy" of the Zoological Institute, Russian Academy of Sciences founded in 1956 under the direction of Prof. Lev Belopolsky, situated on the Courish (or Coronian) Spit of the Baltic Sea, occupies the place of the former German ornithological station Vogelwarte Rossitten, founded by Johannes Thienemann in 1901)</subfield>
  </datafield>
  <datafield tag="670" ind1=" " ind2=" ">
    <subfield code="a">Metody izuchenii︠a︡ migrat︠s︡ii ptit︠s︡, 1977:</subfield>
    <subfield code="b">p. 3 (Biologicheskoĭ stant︠s︡ii Zoologicheskogo instituta Akademii nauk SSSR v Rybachʹem)</subfield>
  </datafield>
</record>